@article{alsaidi2024beluga_tracking,
  author    = {M. Alsaidi and others},
  title     = {Localization and tracking of beluga whales in aerial video using deep learning},
  journal   = {Frontiers in Marine Science},
  year      = {2024},
  doi       = {10.3389/fmars.2024.1445698}
}

@article{harasyn2022drone_beluga,
  author    = {Madison L. Harasyn and Wayne S. Chan and Emma L. Ausen and David G. Barber},
  title     = {Detection and tracking of belugas, kayaks and motorized boats in drone video using deep learning},
  journal   = {Journal of Unmanned Vehicle Systems},
  year      = {2022},
  doi       = {10.1139/juvs-2021-0024}
}

@article{lee2021beluga_retinanet,
  author    = {P. Q. Lee and others},
  title     = {Beluga whale detection in the Cumberland Sound Bay using convolutional neural networks},
  journal   = {Canadian Journal of Remote Sensing},
  year      = {2021},
  doi       = {10.1080/07038992.2021.1901221}
}

@article{araujo2022beluga_sensors,
  author    = {Voncarlos M. Ara{\'u}jo and Ankita Shukla and Cl{\'e}ment Chion and S{\'e}bastien Gambs and Robert Michaud},
  title     = {Machine-Learning Approach for Automatic Detection of Wild Beluga Whales from Hand-Held Camera Pictures},
  journal   = {Sensors},
  year      = {2022},
  volume    = {22},
  number    = {11},
  pages     = {4107},
  doi       = {10.3390/s22114107}
}

@article{boulent2023humanloop,
  author    = {J. Boulent and others},
  title     = {Scaling whale monitoring using deep learning: A human-in-the-loop solution for analyzing aerial datasets},
  journal   = {Frontiers in Marine Science},
  year      = {2023},
  doi       = {10.3389/fmars.2023.1099479}
}

@article{cubaynes2022whales_dataset,
  author    = {H. C. Cubaynes and P. T. Fretwell},
  title     = {Whales from space dataset: an annotated satellite image dataset of whales for training machine learning models},
  journal   = {Scientific Data},
  year      = {2022},
  doi       = {10.1038/s41597-022-01377-4}
}

@article{green2023gray,
  author    = {K. M. Green and others},
  title     = {Gray whale detection in satellite imagery using deep learning},
  journal   = {Remote Sensing in Ecology and Conservation},
  year      = {2023},
  doi       = {10.1002/rse2.352}
}

@article{guirado2019whale_count,
  author    = {E. Guirado and others},
  title     = {Whale counting in satellite and aerial images with deep learning},
  journal   = {Scientific Reports},
  year      = {2019},
  doi       = {10.1038/s41598-019-50795-9}
}

@article{borowicz2019aerial,
  author    = {A. Borowicz and others},
  title     = {Aerial-trained deep learning networks for surveying cetaceans from satellite imagery},
  journal   = {PLOS One},
  year      = {2019},
  doi       = {10.1371/journal.pone.0212532}
}

@inproceedings{ren2015fasterrcnn,
  author    = {Shaoqing Ren and Kaiming He and Ross Girshick and Jian Sun},
  title     = {Faster R-CNN: Towards Real-Time Object Detection with Region Proposal Networks},
  booktitle = {NeurIPS},
  year      = {2015}
}

@inproceedings{redmon2016yolo,
  author    = {Joseph Redmon and Santosh Divvala and Ross Girshick and Ali Farhadi},
  title     = {You Only Look Once: Unified, Real-Time Object Detection},
  booktitle = {CVPR},
  year      = {2016}
}

@inproceedings{redmon2017yolo9000,
  author    = {Joseph Redmon and Ali Farhadi},
  title     = {YOLO9000: Better, Faster, Stronger},
  booktitle = {CVPR},
  year      = {2017}
}

@inproceedings{lin2017focal,
  author    = {Tsung-Yi Lin and Priya Goyal and Ross Girshick and Kaiming He and Piotr Doll{\'a}r},
  title     = {Focal Loss for Dense Object Detection},
  booktitle = {ICCV},
  year      = {2017}
}

@article{wang2022yolov7,
  author    = {Chien-Yao Wang and Alexey Bochkovskiy and Hong-Yuan Mark Liao},
  title     = {YOLOv7: Trainable bag-of-freebies sets new state-of-the-art for real-time object detectors},
  journal   = {arXiv preprint arXiv:2207.02696},
  year      = {2022}
}

@inproceedings{carion2020end,
  author    = {Nicolas Carion and Francisco Massa and Gabriel Synnaeve and Nicolas Usunier and Alexander Kirillov and Sergey Zagoruyko},
  title     = {End-to-End Object Detection with Transformers},
  booktitle = {ECCV},
  year      = {2020}
}

@article{zhao2023rtdetr,
  author    = {Yian Zhao and others},
  title     = {DETRs Beat YOLOs on Real-time Object Detection (RT-DETR)},
  journal   = {arXiv preprint arXiv:2304.08069},
  year      = {2023}
}

@inproceedings{gu2021vild,
  author    = {X. Gu and others},
  title     = {Open-Vocabulary Object Detection via Vision-and-Language Knowledge Distillation (ViLD)},
  booktitle = {CVPR},
  year      = {2021}
}

@inproceedings{li2022glip,
  author    = {L. H. Li and others},
  title     = {Grounded Language-Image Pre-training (GLIP)},
  booktitle = {CVPR},
  year      = {2022}
}

@inproceedings{cheng2024yoloworld,
  author    = {T. Cheng and others},
  title     = {YOLO-World: Real-Time Open-Vocabulary Object Detection},
  booktitle = {CVPR},
  year      = {2024}
}

@article{tuia2022wildlife,
  author    = {D. Tuia and others},
  title     = {Perspectives in machine learning for wildlife conservation},
  journal   = {Nature Communications},
  year      = {2022},
  doi       = {10.1038/s41467-022-27980-y}
}
